@inproceedings{Mir12,
  title={On significance of the least significant bits for differential privacy},
  author={Mironov, Ilya},
  booktitle={Proceedings of the 2012 ACM conference on Computer and communications security},
  pages={650--661},
  year={2012}
}
