@article{GRS12,
  title={Universally utility-maximizing privacy mechanisms},
  author={Ghosh, Arpita and Roughgarden, Tim and Sundararajan, Mukund},
  journal={SIAM Journal on Computing},
  volume={41},
  number={6},
  pages={1673--1693},
  year={2012},
  publisher={SIAM}
}

@inproceedings{Mir12,
  title={On significance of the least significant bits for differential privacy},
  author={Mironov, Ilya},
  booktitle={Proceedings of the 2012 ACM conference on Computer and communications security},
  pages={650--661},
  year={2012}
}

@misc{Ilv19,
    title={Implementing the Exponential Mechanism with Base-2 Differential Privacy},
    author={Christina Ilvento},
    year={2019},
    eprint={1912.04222},
    archivePrefix={arXiv},
    primaryClass={cs.CR}
}

@article{BV17,
  title={Differential privacy on finite computers},
  author={Balcer, Victor and Vadhan, Salil},
  journal={arXiv preprint arXiv:1709.05396},
  year={2017}
}
